
    <zs:record>
      <zs:recordPacking>xml</zs:recordPacking>
      <zs:recordData>
        <record xmlns="http://www.loc.gov/MARC21/slim">
          <leader>00417nz a2200121 4500</leader>
          <controlfield tag="001">30003299</controlfield>
          <controlfield tag="003">RISM</controlfield>
          <controlfield tag="005">20121108</controlfield>
          <controlfield tag="008">121108n||az|||||||##########||||||||||||</controlfield>
          <datafield tag="043" ind1=" " ind2=" ">
            <subfield code="c">Spain</subfield>
          </datafield>
          <datafield tag="110" ind1="2" ind2=" ">
            <subfield code="a">Instituto de Cultura Hispánica, Sección de Música</subfield>
            <subfield code="c">Madrid</subfield>
            <subfield code="g">E-Mic</subfield>
          </datafield>
          <datafield tag="622" ind1=" " ind2=" ">
            <subfield code="e">Instituto de Cultura Hispánica, Secció, de Música, Avenida Reyes Católicos, Ciudad,
              Universitaria, E-28003 Madrid</subfield>
          </datafield>
          <datafield tag="852" ind1="2" ind2=" ">
            <subfield code="b">40.4166909, -3.7003454</subfield>
          </datafield>
          <idzebra xmlns="http://www.indexdata.dk/zebra/">
            <size>417</size>
            <score>680</score>
            <localnumber>829667</localnumber>
            <filename>sigla/sigla.mrc</filename>
          </idzebra>
        </record>
      </zs:recordData>
      <zs:recordPosition>26</zs:recordPosition>
    </zs:record>