
    <zs:record>
      <zs:recordPacking>xml</zs:recordPacking>
      <zs:recordData>
        <record xmlns="http://www.loc.gov/MARC21/slim">
          <leader>00556nz a2200145 4500</leader>
          <controlfield tag="001">30002967</controlfield>
          <controlfield tag="003">RISM</controlfield>
          <controlfield tag="005">20121108</controlfield>
          <controlfield tag="008">121108n||az|||||||##########||||||||||||</controlfield>
          <datafield tag="043" ind1=" " ind2=" ">
            <subfield code="c">Spain</subfield>
          </datafield>
          <datafield tag="110" ind1="2" ind2=" ">
            <subfield code="a">Universidad Complutense, Biblioteca de San Isidro</subfield>
            <subfield code="c">Madrid</subfield>
            <subfield code="g">E-Msi</subfield>
          </datafield>
          <datafield tag="410" ind1="2" ind2=" ">
            <subfield code="a">Ciudad Universitaria, Faculdad de Filosofía y Letras, Biblioteca de S Isidoro</subfield>
          </datafield>
          <datafield tag="410" ind1="2" ind2=" ">
            <subfield code="a">Biblioteca de San Isidoro</subfield>
          </datafield>
          <datafield tag="622" ind1=" " ind2=" ">
            <subfield code="e">Universidad Complutense, Biblioteca de, San Isidro, Ciudad Universitaria, Facultad de,
              Filosofía y Letras, E-28003 Madrid</subfield>
          </datafield>
          <datafield tag="852" ind1="2" ind2=" ">
            <subfield code="b">40.4166909, -3.7003454</subfield>
          </datafield>
          <idzebra xmlns="http://www.indexdata.dk/zebra/">
            <size>556</size>
            <score>680</score>
            <localnumber>830017</localnumber>
            <filename>sigla/sigla.mrc</filename>
          </idzebra>
        </record>
      </zs:recordData>
      <zs:recordPosition>39</zs:recordPosition>
    </zs:record>