
    <zs:record>
      <zs:recordPacking>xml</zs:recordPacking>
      <zs:recordData>
        <record xmlns="http://www.loc.gov/MARC21/slim">
          <leader>00372nz a2200109 4500</leader>
          <controlfield tag="001">30006085</controlfield>
          <controlfield tag="003">RISM</controlfield>
          <controlfield tag="005">20121108</controlfield>
          <controlfield tag="008">121108n||az|||||||##########||||||||||||</controlfield>
          <datafield tag="043" ind1=" " ind2=" ">
            <subfield code="c">Spain</subfield>
          </datafield>
          <datafield tag="110" ind1="2" ind2=" ">
            <subfield code="a">Archivo de Villa o Archivo Municipal del Ayuntamiento de Madrid</subfield>
            <subfield code="c">Madrid</subfield>
            <subfield code="g">E-Mav</subfield>
          </datafield>
          <datafield tag="622" ind1=" " ind2=" ">
            <subfield code="e">Archivo de Villa o Archivo Municipal, del Ayuntamiento de Madrid, C/Conde Duqu, 9-11,
              E-28015 Madrid</subfield>
          </datafield>
          <idzebra xmlns="http://www.indexdata.dk/zebra/">
            <size>372</size>
            <score>680</score>
            <localnumber>830582</localnumber>
            <filename>sigla/sigla.mrc</filename>
          </idzebra>
        </record>
      </zs:recordData>
      <zs:recordPosition>49</zs:recordPosition>
    </zs:record>