
    <zs:record>
      <zs:recordPacking>xml</zs:recordPacking>
      <zs:recordData>
        <record xmlns="http://www.loc.gov/MARC21/slim">
          <leader>00485nz a2200133 4500</leader>
          <controlfield tag="001">30005731</controlfield>
          <controlfield tag="003">RISM</controlfield>
          <controlfield tag="005">20121108</controlfield>
          <controlfield tag="008">121108n||az|||||||##########||||||||||||</controlfield>
          <datafield tag="043" ind1=" " ind2=" ">
            <subfield code="c">Spain</subfield>
          </datafield>
          <datafield tag="110" ind1="2" ind2=" ">
            <subfield code="a">Centre de Documentacio Musical de la Generalitat de Catalunya "El Jardi Dels
              Tarongers"</subfield>
            <subfield code="c">Barcelona</subfield>
            <subfield code="g">E-Bcd</subfield>
          </datafield>
          <datafield tag="410" ind1="2" ind2=" ">
            <subfield code="a">Centro de Documentación Musical</subfield>
          </datafield>
          <datafield tag="622" ind1=" " ind2=" ">
            <subfield code="e">Centre de Documentacio Musical de la, Generalitat de Catalunya "El Jardi Dels,
              Tarongers", Barcelona</subfield>
          </datafield>
          <datafield tag="852" ind1="2" ind2=" ">
            <subfield code="b">41.387917, 2.1699187</subfield>
          </datafield>
          <idzebra xmlns="http://www.indexdata.dk/zebra/">
            <size>485</size>
            <score>680</score>
            <localnumber>833056</localnumber>
            <filename>sigla/sigla.mrc</filename>
          </idzebra>
        </record>
      </zs:recordData>
      <zs:recordPosition>134</zs:recordPosition>
    </zs:record>