
    <zs:record>
      <zs:recordPacking>xml</zs:recordPacking>
      <zs:recordData>
        <record xmlns="http://www.loc.gov/MARC21/slim">
          <leader>00421nz a2200121 4500</leader>
          <controlfield tag="001">30076558</controlfield>
          <controlfield tag="003">RISM</controlfield>
          <controlfield tag="005">20121108</controlfield>
          <controlfield tag="008">121108n||az|||||||##########||||||||||||</controlfield>
          <datafield tag="043" ind1=" " ind2=" ">
            <subfield code="c">Spain</subfield>
          </datafield>
          <datafield tag="110" ind1="2" ind2=" ">
            <subfield code="a">Parroquia de San Juan Bautista, Archivo Musical</subfield>
            <subfield code="c">Marchena (Sevilla)</subfield>
            <subfield code="g">E-MARjb</subfield>
          </datafield>
          <datafield tag="622" ind1=" " ind2=" ">
            <subfield code="e">Parroquia de San Juan Bautista, Archivo, Musical, Plaza Cardenal Spínola bajo, Marchena,
              41620 Marchena (Sevilla)</subfield>
          </datafield>
          <datafield tag="852" ind1="2" ind2=" ">
            <subfield code="b">37.38264, -5.9962951</subfield>
          </datafield>
          <idzebra xmlns="http://www.indexdata.dk/zebra/">
            <size>421</size>
            <score>680</score>
            <localnumber>834935</localnumber>
            <filename>sigla/sigla.mrc</filename>
          </idzebra>
        </record>
      </zs:recordData>
      <zs:recordPosition>198</zs:recordPosition>
    </zs:record>