
    <zs:record>
      <zs:recordPacking>xml</zs:recordPacking>
      <zs:recordData>
        <record xmlns="http://www.loc.gov/MARC21/slim">
          <leader>00424nz a2200121 4500</leader>
          <controlfield tag="001">30076559</controlfield>
          <controlfield tag="003">RISM</controlfield>
          <controlfield tag="005">20121108</controlfield>
          <controlfield tag="008">121108n||az|||||||##########||||||||||||</controlfield>
          <datafield tag="043" ind1=" " ind2=" ">
            <subfield code="c">Spain</subfield>
          </datafield>
          <datafield tag="110" ind1="2" ind2=" ">
            <subfield code="a">Colegiata de Santa María de las Nieves, Archivo Musical</subfield>
            <subfield code="c">Olivares (Sevilla)</subfield>
            <subfield code="g">E-OLI</subfield>
          </datafield>
          <datafield tag="622" ind1=" " ind2=" ">
            <subfield code="e">Colegiata de Santa María de las Nieves,, Archivo Musical, Colegiata de Santa María, 41804
              Olivares (Sevilla)</subfield>
          </datafield>
          <datafield tag="852" ind1="2" ind2=" ">
            <subfield code="b">37.38264, -5.9962951</subfield>
          </datafield>
          <idzebra xmlns="http://www.indexdata.dk/zebra/">
            <size>424</size>
            <score>680</score>
            <localnumber>834936</localnumber>
            <filename>sigla/sigla.mrc</filename>
          </idzebra>
        </record>
      </zs:recordData>
      <zs:recordPosition>199</zs:recordPosition>
    </zs:record>