
    <zs:record>
      <zs:recordPacking>xml</zs:recordPacking>
      <zs:recordData>
        <record xmlns="http://www.loc.gov/MARC21/slim">
          <leader>00495nz a2200133 4500</leader>
          <controlfield tag="001">30076554</controlfield>
          <controlfield tag="003">RISM</controlfield>
          <controlfield tag="005">20121108</controlfield>
          <controlfield tag="008">121108n||az|||||||##########||||||||||||</controlfield>
          <datafield tag="043" ind1=" " ind2=" ">
            <subfield code="c">Spain</subfield>
          </datafield>
          <datafield tag="110" ind1="2" ind2=" ">
            <subfield code="a">Iglesia Parroquial de Santa María, Archivo Ojanguren</subfield>
            <subfield code="c">Guernica y Luno (Vizcaya)</subfield>
            <subfield code="g">E-GUE</subfield>
          </datafield>
          <datafield tag="410" ind1="2" ind2=" ">
            <subfield code="a">Gernika-Lumo, Iglesia Parroquial de Santa María</subfield>
          </datafield>
          <datafield tag="410" ind1="2" ind2=" ">
            <subfield code="a">Gernika, Iglesia Parroquial de Santa María</subfield>
          </datafield>
          <datafield tag="622" ind1=" " ind2=" ">
            <subfield code="e">Iglesia Parroquial de Santa María,, Archivo Ojanguren, Goienkalea, 48300 Guernica y
              Luno</subfield>
          </datafield>
          <idzebra xmlns="http://www.indexdata.dk/zebra/">
            <size>495</size>
            <score>680</score>
            <localnumber>834974</localnumber>
            <filename>sigla/sigla.mrc</filename>
          </idzebra>
        </record>
      </zs:recordData>
      <zs:recordPosition>204</zs:recordPosition>
    </zs:record>