
    <zs:record>
      <zs:recordPacking>xml</zs:recordPacking>
      <zs:recordData>
        <record xmlns="http://www.loc.gov/MARC21/slim">
          <leader>00389nz a2200109 4500</leader>
          <controlfield tag="001">30006411</controlfield>
          <controlfield tag="003">RISM</controlfield>
          <controlfield tag="005">20121108</controlfield>
          <controlfield tag="008">121108n||az|||||||##########||||||||||||</controlfield>
          <datafield tag="043" ind1=" " ind2=" ">
            <subfield code="c">Spain</subfield>
          </datafield>
          <datafield tag="110" ind1="2" ind2=" ">
            <subfield code="a">Institución Colombina, Archivo de la Catedral, Sección de Música
              &lt;Sevilla&gt;</subfield>
            <subfield code="c">Sevilla</subfield>
            <subfield code="g">E-Sco</subfield>
          </datafield>
          <datafield tag="622" ind1=" " ind2=" ">
            <subfield code="e">Institución Colombina, Archivo de la, Catedral, Sección de Música, c/ Alemanes s/n,
              E-41008 Sevilla</subfield>
          </datafield>
          <idzebra xmlns="http://www.indexdata.dk/zebra/">
            <size>389</size>
            <score>680</score>
            <localnumber>835278</localnumber>
            <filename>sigla/sigla.mrc</filename>
          </idzebra>
        </record>
      </zs:recordData>
      <zs:recordPosition>219</zs:recordPosition>
    </zs:record>